<record><leader>00000cas a2200000 a 4500</leader><controlfield tag="001">22966848</controlfield><controlfield tag="008">910115d19391939iluwr ne      0    0eng c</controlfield><datafield ind1=" " ind2=" " tag="010"><subfield code="a">sn 90054755 </subfield></datafield><datafield ind1=" " ind2=" " tag="040"><subfield code="a">NVF</subfield><subfield code="b">eng</subfield><subfield code="c">NVF</subfield><subfield code="d">NVF</subfield><subfield code="d">OCLCQ</subfield><subfield code="d">OCLCF</subfield><subfield code="d">OCLCO</subfield></datafield><datafield ind1="1" ind2=" " tag="029"><subfield code="a">AU@</subfield><subfield code="b">000020633572</subfield></datafield><datafield ind1=" " ind2=" " tag="042"><subfield code="a">pcc</subfield></datafield><datafield ind1=" " ind2=" " tag="043"><subfield code="a">n-us-il</subfield></datafield><datafield ind1="0" ind2="0" tag="245"><subfield code="a">Jersey County news Jersey County Democrat.</subfield></datafield><datafield ind1=" " ind2=" " tag="260"><subfield code="a">Jerseyville, Ill. :</subfield><subfield code="b">James L. McLaren,</subfield><subfield code="c">1939.</subfield></datafield><datafield ind1=" " ind2=" " tag="300"><subfield code="a">v.</subfield></datafield><datafield ind1=" " ind2=" " tag="310"><subfield code="a">Weekly</subfield></datafield><datafield ind1="0" ind2=" " tag="362"><subfield code="a">Vol. 76, no. 9 (Jan. 20, 1939)-v. 76, no. 12 (Feb. 10, 1939).</subfield></datafield><datafield ind1=" " ind2=" " tag="580"><subfield code="a">Formed by the union of: Jersey County Democrat and: Jersey County news.</subfield></datafield><datafield ind1=" " ind2="0" tag="651"><subfield code="a">Jerseyville (Ill.)</subfield><subfield code="v">Newspapers.</subfield></datafield><datafield ind1=" " ind2="0" tag="651"><subfield code="a">Jersey County (Ill.)</subfield><subfield code="v">Newspapers.</subfield></datafield><datafield ind1=" " ind2="7" tag="655"><subfield code="a">Newspapers.</subfield><subfield code="2">fast</subfield><subfield code="0">(OCoLC)fst01423814</subfield></datafield><datafield ind1=" " ind2="7" tag="651"><subfield code="a">Illinois</subfield><subfield code="z">Jersey County.</subfield><subfield code="2">fast</subfield><subfield code="0">(OCoLC)fst01214995</subfield></datafield><datafield ind1=" " ind2="7" tag="651"><subfield code="a">Illinois</subfield><subfield code="z">Jerseyville.</subfield><subfield code="2">fast</subfield><subfield code="0">(OCoLC)fst01219154</subfield></datafield><datafield ind1=" " ind2=" " tag="752"><subfield code="a">United States</subfield><subfield code="b">Illinois</subfield><subfield code="c">Jersey</subfield><subfield code="d">Jerseyville.</subfield></datafield><datafield ind1="1" ind2="4" tag="780"><subfield code="t">Jersey County Democrat</subfield><subfield code="w">(DLC)sn 85033750</subfield><subfield code="w">(OCoLC)12245164</subfield></datafield><datafield ind1="1" ind2="4" tag="780"><subfield code="t">Jersey County news</subfield><subfield code="w">(DLC)sn 87082795</subfield><subfield code="w">(OCoLC)15876691</subfield></datafield><datafield ind1="0" ind2="0" tag="785"><subfield code="t">Jersey County Democrat-news</subfield><subfield code="w">(DLC)sn 90054756</subfield><subfield code="w">(OCoLC)22966110</subfield></datafield></record>